<record><leader>00000cas a2200000 a 4500</leader><controlfield tag="001">31474715</controlfield><controlfield tag="007">hd afb---buca</controlfield><controlfield tag="008">941117d18801893dcudn nea     0    0eng c</controlfield><datafield ind1=" " ind2=" " tag="010"><subfield code="a">  2001229035</subfield></datafield><datafield ind1=" " ind2=" " tag="040"><subfield code="a">ERE</subfield><subfield code="b">eng</subfield><subfield code="c">ERE</subfield><subfield code="d">FUG</subfield><subfield code="d">OCLCQ</subfield><subfield code="d">OCLCF</subfield><subfield code="d">OCLCO</subfield></datafield><datafield ind1="1" ind2=" " tag="029"><subfield code="a">AU@</subfield><subfield code="b">000023192343</subfield></datafield><datafield ind1=" " ind2=" " tag="042"><subfield code="a">pcc</subfield></datafield><datafield ind1=" " ind2=" " tag="043"><subfield code="a">n-us-nc</subfield></datafield><datafield ind1="0" ind2=" " tag="130"><subfield code="a">News and observer (Raleigh, N.C. : 1880 : Daily)</subfield></datafield><datafield ind1="1" ind2="4" tag="245"><subfield code="a">The news and observer</subfield><subfield code="h">[microform].</subfield></datafield><datafield ind1=" " ind2=" " tag="260"><subfield code="a">Raleigh, N.C. :</subfield><subfield code="b">Ashe, Gatling &amp; Co.,</subfield><subfield code="c">1880-1893.</subfield></datafield><datafield ind1=" " ind2=" " tag="300"><subfield code="a">18 v. :</subfield><subfield code="b">ill.</subfield></datafield><datafield ind1=" " ind2=" " tag="310"><subfield code="a">Daily (except Mon.)</subfield></datafield><datafield ind1="0" ind2=" " tag="362"><subfield code="a">Vol. 17, no. 158 (Sept. 12, 1880)-v. 34, no. 150 (June 30, 1893).</subfield></datafield><datafield ind1=" " ind2=" " tag="500"><subfield code="a">Publisher varies.</subfield></datafield><datafield ind1=" " ind2=" " tag="500"><subfield code="a">"Democratic." Cf. Ayer, 1893.</subfield></datafield><datafield ind1=" " ind2=" " tag="530"><subfield code="a">Also issued in the original print ed.</subfield></datafield><datafield ind1=" " ind2=" " tag="533"><subfield code="a">Microfilm.</subfield><subfield code="b">Washington, D.C. :</subfield><subfield code="c">Library of Congress Photoduplication Service.</subfield><subfield code="e">24 microfilm reels ; 35 mm.</subfield></datafield><datafield ind1=" " ind2="0" tag="651"><subfield code="a">Raleigh (N.C.)</subfield><subfield code="v">Newspapers.</subfield></datafield><datafield ind1=" " ind2="0" tag="651"><subfield code="a">Wake County (N.C.)</subfield><subfield code="v">Newspapers.</subfield></datafield><datafield ind1=" " ind2="7" tag="655"><subfield code="a">Newspapers.</subfield><subfield code="2">fast</subfield><subfield code="0">(OCoLC)fst01423814</subfield></datafield><datafield ind1=" " ind2="7" tag="651"><subfield code="a">North Carolina</subfield><subfield code="z">Raleigh.</subfield><subfield code="2">fast</subfield><subfield code="0">(OCoLC)fst01206341</subfield></datafield><datafield ind1=" " ind2="7" tag="651"><subfield code="a">North Carolina</subfield><subfield code="z">Wake County.</subfield><subfield code="2">fast</subfield><subfield code="0">(OCoLC)fst01204274</subfield></datafield><datafield ind1=" " ind2=" " tag="752"><subfield code="a">United States</subfield><subfield code="b">North Carolina</subfield><subfield code="c">Wake</subfield><subfield code="d">Raleigh.</subfield></datafield><datafield ind1="1" ind2=" " tag="775"><subfield code="t">News and observer (Raleigh, N.C. : 1880 : Weekly)</subfield></datafield><datafield ind1="1" ind2=" " tag="775"><subfield code="t">Weekly news and observer</subfield></datafield><datafield ind1="1" ind2=" " tag="776"><subfield code="c">Original</subfield><subfield code="w">(DLC)sn 84024516</subfield><subfield code="w">(OCoLC)10896643</subfield></datafield><datafield ind1="0" ind2="4" tag="780"><subfield code="t">Raleigh news (Raleigh, N.C. : 1876 : Daily)</subfield></datafield><datafield ind1="0" ind2="4" tag="780"><subfield code="t">Observer (Raleigh, N.C. :1876 : Daily)</subfield><subfield code="w">(OCoLC)37868545</subfield></datafield><datafield ind1="0" ind2="5" tag="780"><subfield code="t">Intelligencer (Raleigh, N.C.)</subfield></datafield><datafield ind1="0" ind2="7" tag="785"><subfield code="t">State chronicle (Raleigh, N.C. : Daily)</subfield></datafield><datafield ind1="0" ind2="7" tag="785"><subfield code="t">News-observer-chronicle</subfield><subfield code="w">(OCoLC)31474702</subfield></datafield><datafield ind1=" " ind2=" " tag="850"><subfield code="a">FU</subfield></datafield></record>